<?xml version="1.0" encoding="utf-8"?>
<record xmlns="http://www.loc.gov/MARC21/slim" xmlns:xsi="http://www.w3.org/2001/XMLSchema-instance" xsi:schemaLocation="http://www.loc.gov/MARC21/slim http://www.loc.gov/standards/marcxml/schema/MARC21slim.xsd">
	<leader>     nam a22     Mi 4500</leader>
	<controlfield tag="001">2579850</controlfield>
	<controlfield tag="003">NjP</controlfield>
	<controlfield tag="006">m        d        </controlfield>
	<controlfield tag="007">cr cn |||m|||a</controlfield>
	<controlfield tag="008">210308m18939999tu      o     000 0 ara d</controlfield>
	<datafield ind1=" " ind2=" " tag="040">
		<subfield code="a">ZYU</subfield>
		<subfield code="b">ara</subfield>
		<subfield code="e">rda</subfield>
		<subfield code="c">ZYU</subfield>
	</datafield>
	<datafield ind1="0" ind2="0" tag="245">
		<subfield code="6">880-01</subfield>
		<subfield code="a">Majmūʻat al-Shāfiyah min ʻilmay al-ṣarf wa al-khaṭṭ  :</subfield>
		<subfield code="b">mā fī hadh al-majmūʻah  Matn al-Shāfiyah wa-sharḥuhā lil- ʻallāmah al-Jārbardī wa-ḥāshiyat al-Jārbardī li-Ibn Jamāʻah, wa-ḥāshiyah ukhrá lil-Ḥusayn al-Rūmī al-musammá bi-Badr al-Kāfiyah fī ḥall sharḥ al-Shāfiyah muqābalah bikhaṭ muṣanifih, wa-sharḥ al-Shāfiyah lil-ʻallāmah Sayyd ʻAbd Allāh al-Nuqrakār, wa-Manhāj al-Kāfiyah fī sharḥ al-Shāfiyah, li-Zakarīyā al-Anṣārī, wa-manẓūmat al-Shāfiyah wa-sharḥuha lil-Karmiyānī al-mutakhalliṣ bi-Sharịfī.̄</subfield>
	</datafield>
	<datafield ind1=" " ind2=" " tag="260">
		<subfield code="6">880-02</subfield>
		<subfield code="a">[Istanbul] :</subfield>
		<subfield code="b">al-Maṭbaʻah al-ʻĀmirah,</subfield>
		<subfield code="c">1310- [1893]-</subfield>
	</datafield>
	<datafield ind1=" " ind2=" " tag="300">
		<subfield code="a">online resource (volumes)</subfield>
	</datafield>
	<datafield ind1=" " ind2=" " tag="336">
		<subfield code="a">text</subfield>
		<subfield code="2">rdacontent</subfield>
	</datafield>
	<datafield ind1=" " ind2=" " tag="337">
		<subfield code="a">computer</subfield>
		<subfield code="2">rdamedia</subfield>
	</datafield>
	<datafield ind1=" " ind2=" " tag="338">
		<subfield code="a">online resource</subfield>
		<subfield code="2">rdacarrier</subfield>
	</datafield>
	<datafield ind1=" " ind2=" " tag="500">
		<subfield code="a">Part of the Arabic Collections Online (ACO) project, contributed by Princeton University Libraries.</subfield>
	</datafield>
	<datafield ind1=" " ind2=" " tag="533">
		<subfield code="a">Electronic reproduction.</subfield>
		<subfield code="b">New York, N.Y. :</subfield>
		<subfield code="c">New York University,</subfield>
		<subfield code="d">2021.</subfield>
		<subfield code="5">NNU</subfield>
	</datafield>
	<datafield ind1=" " ind2=" " tag="546">
		<subfield code="a">In Arabic.</subfield>
	</datafield>
	<datafield ind1="2" ind2=" " tag="710">
		<subfield code="a">Princeton University.</subfield>
		<subfield code="b">Library.</subfield>
	</datafield>
	<datafield ind1="0" ind2=" " tag="730">
		<subfield code="a">Arabic Collections Online.</subfield>
	</datafield>
	<datafield ind1="0" ind2="8" tag="776">
		<subfield code="i">Online version:</subfield>
		<subfield code="t">Majmūʻat al-Shāfiyah .</subfield>
		<subfield code="d">[Istanbul] 1310- [1893-</subfield>
		<subfield code="w">(OCoLC)656978730</subfield>
	</datafield>
	<datafield ind1="0" ind2="8" tag="776">
		<subfield code="i">Print version:</subfield>
		<subfield code="t">Majmūʻat al-Shāfiyah min ʻilmay al-ṣarf wa al-khaṭṭ</subfield>
		<subfield code="w">(NjP)2579850</subfield>
		<subfield code="w">(OCoLC)41973124</subfield>
	</datafield>
	<datafield ind1="4" ind2="0" tag="856">
		<subfield code="u">http://hdl.handle.net/2333.1/0zpc8hcn</subfield>
	</datafield>
	<datafield ind1="0" ind2="0" tag="880">
		<subfield code="6">245-01</subfield>
		<subfield code="a">مجموعة الشافية من علمي الصرف و الخط  :</subfield>
		<subfield code="b">ما في هذ المجموعة  متن الشافية وشرحها للعلامة الجاربردي وحاشية الجاربردي لابن جماعة، وحاشية اخرى للحسين الرومي المسمى ببدر الكافية في حل شرح الشافية مقابلة بخط مصنفه، وشرح الشافية للعلامة سيد عبد الله النقركار، ومناهج الكافية في شرح الشافية، لزكريا الانصاري، ومنظومة الشافية وشرحه للكرمياني المتخلص بشرفي.</subfield>
	</datafield>
	<datafield ind1=" " ind2=" " tag="880">
		<subfield code="6">260-02</subfield>
		<subfield code="a">[اسطنبول] :</subfield>
		<subfield code="b">المطبعة العامرة،</subfield>
		<subfield code="c">1310 [1893]</subfield>
	</datafield>
	<datafield ind1=" " ind2=" " tag="959">
		<subfield code="a">NNU</subfield>
		<subfield code="b">WEB</subfield>
		<subfield code="c">GENI</subfield>
		<subfield code="t">0</subfield>
		<subfield code="m">Electronic access</subfield>
		<subfield code="s">01</subfield>
	</datafield>
	<datafield ind1=" " ind2=" " tag="999">
		<subfield code="i">NjP_2579850</subfield>
		<subfield code="o">(OCoLC)ocm41973124</subfield>
		<subfield code="s">princeton_aco004619:</subfield>
		<subfield code="e">(ERROR-880)(ERROR-MISC)</subfield>
		<subfield code="s">princeton_aco004619:</subfield>
	</datafield>
</record>
